%YAML 1.1
%TAG !u! tag:unity3d.com,2011:
--- !u!243 &-4834032524499405308
AudioMixerGroupController:
  m_ObjectHideFlags: 0
  m_CorrespondingSourceObject: {fileID: 0}
  m_PrefabInstance: {fileID: 0}
  m_PrefabAsset: {fileID: 0}
  m_Name: SFX
  m_AudioMixer: {fileID: 24100000}
  m_GroupID: dd7c07de8415d3449bab38fb3668f477
  m_Children: []
  m_Volume: 0cd26060682784d44952b57fbac9982f
  m_Pitch: 2f036dd0d73e588478b67f3af484d156
  m_Send: 00000000000000000000000000000000
  m_Effects:
  - {fileID: 7411709196100614426}
  m_UserColorIndex: 0
  m_Mute: 0
  m_Solo: 0
  m_BypassEffects: 0
--- !u!244 &-4138481307158199106
AudioMixerEffectController:
  m_ObjectHideFlags: 3
  m_CorrespondingSourceObject: {fileID: 0}
  m_PrefabInstance: {fileID: 0}
  m_PrefabAsset: {fileID: 0}
  m_Name: 
  m_EffectID: d9648a3342e94b44abc0429a758c7238
  m_EffectName: Pitch Shifter
  m_MixLevel: 672d9316c1e17af4fa79b07117577433
  m_Parameters:
  - m_ParameterName: Pitch
    m_GUID: 7e9477b4548766a4db18c00c8ecf6d85
  - m_ParameterName: FFT size
    m_GUID: feea78d7b2bb5ec46b513d43ed3b7ec1
  - m_ParameterName: Overlap
    m_GUID: 4242700cf502ac347b7a0a2f5c7f50e0
  - m_ParameterName: Max channels
    m_GUID: 4d5c2c2d5e287e047b0fac29a00bc2c1
  m_SendTarget: {fileID: 0}
  m_EnableWetMix: 0
  m_Bypass: 0
--- !u!241 &24100000
AudioMixerController:
  m_ObjectHideFlags: 0
  m_CorrespondingSourceObject: {fileID: 0}
  m_PrefabInstance: {fileID: 0}
  m_PrefabAsset: {fileID: 0}
  m_Name: MyAudioMixer
  m_OutputGroup: {fileID: 0}
  m_MasterGroup: {fileID: 24300002}
  m_Snapshots:
  - {fileID: 24500006}
  m_StartSnapshot: {fileID: 24500006}
  m_SuspendThreshold: -80
  m_EnableSuspend: 1
  m_UpdateMode: 0
  m_ExposedParameters: []
  m_AudioMixerGroupViews:
  - guids:
    - c2a26326e22966d4c90349f6586fe845
    - be95b89b9152bfd4ca95384c83ea627c
    - dd7c07de8415d3449bab38fb3668f477
    name: View
  m_CurrentViewIndex: 0
  m_TargetSnapshot: {fileID: 24500006}
--- !u!243 &24300002
AudioMixerGroupController:
  m_ObjectHideFlags: 0
  m_CorrespondingSourceObject: {fileID: 0}
  m_PrefabInstance: {fileID: 0}
  m_PrefabAsset: {fileID: 0}
  m_Name: Master
  m_AudioMixer: {fileID: 24100000}
  m_GroupID: c2a26326e22966d4c90349f6586fe845
  m_Children:
  - {fileID: -4834032524499405308}
  - {fileID: 3408084315894562367}
  m_Volume: 052b761980dad6b4394a25a299974427
  m_Pitch: 892ad545ecea6d440b211ee78537352a
  m_Send: 00000000000000000000000000000000
  m_Effects:
  - {fileID: 24400004}
  m_UserColorIndex: 0
  m_Mute: 0
  m_Solo: 0
  m_BypassEffects: 0
--- !u!244 &24400004
AudioMixerEffectController:
  m_ObjectHideFlags: 3
  m_CorrespondingSourceObject: {fileID: 0}
  m_PrefabInstance: {fileID: 0}
  m_PrefabAsset: {fileID: 0}
  m_Name: 
  m_EffectID: a89b8da9d78f8ec4281bbdc0f549c765
  m_EffectName: Attenuation
  m_MixLevel: 419cf2cd4048a904fa2fb48b36b263dc
  m_Parameters: []
  m_SendTarget: {fileID: 0}
  m_EnableWetMix: 0
  m_Bypass: 0
--- !u!245 &24500006
AudioMixerSnapshotController:
  m_ObjectHideFlags: 0
  m_CorrespondingSourceObject: {fileID: 0}
  m_PrefabInstance: {fileID: 0}
  m_PrefabAsset: {fileID: 0}
  m_Name: Snapshot
  m_AudioMixer: {fileID: 24100000}
  m_SnapshotID: 147b180f8dd97d0438d09655e87b5291
  m_FloatValues:
    20d6b704140876644ad6f17e0be2b6a8: 1.6
    7e9477b4548766a4db18c00c8ecf6d85: 1
  m_TransitionOverrides: {}
--- !u!244 &1689882384151574463
AudioMixerEffectController:
  m_ObjectHideFlags: 3
  m_CorrespondingSourceObject: {fileID: 0}
  m_PrefabInstance: {fileID: 0}
  m_PrefabAsset: {fileID: 0}
  m_Name: 
  m_EffectID: fcb801d9a038b96479f7b79b72215d6b
  m_EffectName: Attenuation
  m_MixLevel: 103641b9bb8ca934182c7dc1d87635b7
  m_Parameters: []
  m_SendTarget: {fileID: 0}
  m_EnableWetMix: 0
  m_Bypass: 0
--- !u!243 &3408084315894562367
AudioMixerGroupController:
  m_ObjectHideFlags: 0
  m_CorrespondingSourceObject: {fileID: 0}
  m_PrefabInstance: {fileID: 0}
  m_PrefabAsset: {fileID: 0}
  m_Name: Footsteps
  m_AudioMixer: {fileID: 24100000}
  m_GroupID: be95b89b9152bfd4ca95384c83ea627c
  m_Children: []
  m_Volume: b5d02e954d6a00341bd4e034f0716cca
  m_Pitch: 20d6b704140876644ad6f17e0be2b6a8
  m_Send: 00000000000000000000000000000000
  m_Effects:
  - {fileID: -4138481307158199106}
  - {fileID: 1689882384151574463}
  m_UserColorIndex: 0
  m_Mute: 0
  m_Solo: 0
  m_BypassEffects: 0
--- !u!244 &7411709196100614426
AudioMixerEffectController:
  m_ObjectHideFlags: 3
  m_CorrespondingSourceObject: {fileID: 0}
  m_PrefabInstance: {fileID: 0}
  m_PrefabAsset: {fileID: 0}
  m_Name: 
  m_EffectID: 38c4a14ded1593f47a715c2cc8ac374b
  m_EffectName: Attenuation
  m_MixLevel: 6705d1f93ee596c488c4bee23fedfdd1
  m_Parameters: []
  m_SendTarget: {fileID: 0}
  m_EnableWetMix: 0
  m_Bypass: 0
